@online{
buffett84,
author = "Warren E. Buffett",
title = "The Superinvestors of Graham-and-Doddsville",
year = "1984",
url = "https://www.gsb.columbia.edu/sites/valueinvesting/files/files/Buffett1984.pdf",
urldate = "2019-06-30"
},

@Electronic{switch,
    title = "Switch Cisco 2960",
    url = "https://bit.ly/49vdjRw",
},

@Electronic{Router,
    title = "Router Cisco 2911",
    url = {https://bit.ly/3OQ81GH},
},

@Electronic{cable,
    title = "Cable de red Hikvision",
    url = {https://goo.su/IP88t},
},

@Electronic{conectores,
    title = "Conectores RJ45 LinkedPro",
    url = {https://goo.su/KtJA84},
}