@online{
    cisco,
    author = "Cisco",
    title = "Introducci√≥n a EIGRP",
    year = "2024",
    url = "https://www.cisco.com/c/es_mx/support/docs/ip/enhanced-interior-gateway-routing-protocol-eigrp/13669-1.html",
    urldate = "2025-01-18"
}