@online{
buffett84,
author = "Warren E. Buffett",
title = "The Superinvestors of Graham-and-Doddsville",
year = "1984",
url = "https://www.gsb.columbia.edu/sites/valueinvesting/files/files/Buffett1984.pdf",
urldate = "2019-06-30"
},
@online{Castro_2023,
author  = "Alexia Castro",
title   = "¿Qué es y para qué sirve un cable UTP?",
month   = "09",
year    = "2023",
url     = "https://www.internetizado.com/cable-utp?form=MG0AV3",
urldate = "2024-10-29"
}


