@online{ ormeci25,
    author = "P. Ormeci",
    title = "Understanding Network Address Translation: A Comprehensive Guide",
    year = "2025",
    url = "https://www.timusnetworks.com/understanding-network-address-translation-a-comprehensive-guide/",
    urldate = "2025-01-18"
}

@online{ cisco23,
    author = "Cisco",
    title = "What is Network Address Translation (NAT)?",
    year = "2023",
    url = "https://www.cisco.com/c/en/us/products/routers/network-address-translation.html",
    urldate = "2025-01-18"
}

@online{ verizon,
    author = "Verizon",
    title = "What is an Internet Service Provider (ISP)? Definition y Meaning Explained",
    year = "2025",
    url = "https://www.verizon.com/about/blog/isp-meaning",
    urldate = "2025-01-18"
}

@online{ waite24,
    author = "P. Waite",
    title = "Understanding Internet Service Providers: A Clear Guide for Everyone",
    year = "2024",
    url = "https://wraycastle.com/blogs/knowledge-base/what-is-an-internet-service-provider-isp",
    urldate = "2025-01-18"
}

@online{ porter01,
    author = "S. Porter",
    title = "Sharing Internet Connections with NAT",
    year = "2001",
    url = "https://www.itprotoday.com/it-security/sharing-internet-connections-with-nat",
    urldate = "2025-01-18"
}